@book{noauthor_communication_2013,
  title = {Communication in the Real World},
  volume = {1.0},
  rights = {{CC} {BY}-{NC}-{SA} 3.0},
  url = {https://ccco.desire2learn.com/d2l/le/content/2828527/viewContent/31501976/View},
  publisher = {Saylor Academy},
  urldate = {2020-11-05},
  date = {2013},
}
